@misc{json_spec,
  title = {{ECMA-404 The JSON Data Interchange Standard}},
  author = {{Ecma International}},
  year = {2017},
  howpublished = {\url{https://www.ecma-international.org/publications-and-standards/standards/ecma-404/}},
  note = {Accessed: 2024-05-28}
}

@inproceedings{broder1997minwise,
  author    = {Andrei Z. Broder},
  title     = {On the Resemblance and Containment of Documents},
  booktitle = {Compression and Complexity of Sequences},
  pages     = {21--29},
  year      = {1997},
  publisher = {IEEE},
  doi       = {10.1109/SEQUEN.1997.666900}
}

@inproceedings{indyk1998approximate,
  author    = {Piotr Indyk and Rajeev Motwani},
  title     = {Approximate Nearest Neighbors: Towards Removing the Curse of Dimensionality},
  booktitle = {Proceedings of the 30th ACM Symposium on Theory of Computing (STOC)},
  year      = {1998},
  pages     = {604--613},
  publisher = {ACM},
  doi       = {10.1145/276698.276876}
}

@article{zhang1989simple,
  author    = {K. Zhang and D. Shasha},
  title     = {Simple Fast Algorithms for the Editing Distance Between Trees and Related Problems},
  journal   = {SIAM Journal on Computing},
  volume    = {18},
  number    = {6},
  pages     = {1245--1262},
  year      = {1989},
  doi       = {10.1137/0218082}
}

@book{cormen2009introduction,
  author    = {Thomas H. Cormen and Charles E. Leiserson and Ronald L. Rivest and Clifford Stein},
  title     = {Introduction to Algorithms},
  edition   = {3rd},
  publisher = {MIT Press},
  year      = {2009},
  isbn      = {9780262033848}
}

@article{charikar2002similarity,
  author    = {Moses S. Charikar},
  title     = {Similarity estimation techniques from rounding algorithms},
  journal   = {Proceedings of the 34th ACM Symposium on Theory of Computing (STOC)},
  year      = {2002},
  pages     = {380--388},
  doi       = {10.1145/509907.509965}
}

@article{minhash_analysis,
  author    = {Jure Leskovec and Anand Rajaraman and Jeff Ullman},
  title     = {Mining of Massive Datasets},
  publisher = {Cambridge University Press},
  year      = {2020},
  note      = {Chapter 3.3.1: Theory Behind MinHash},
  edition   = {3rd},
  url       = {http://www.mmds.org/}
}

@article{lipschitz_properties,
  author    = {F. Riesz and B. Sz.-Nagy},
  title     = {Functional Analysis},
  publisher = {Dover Publications},
  year      = {1990},
  note      = {For foundational definitions and properties of Lipschitz continuity},
  isbn      = {9780486662891}
}

@misc{mcjsim_code,
  author       = {Sunjae Kim},
  title        = {{MC--JSim:} Source code},
  howpublished = {\url{https://github.com/ksj20/json_tree_similarity}},
  year         = {2025}
}
